<record><leader>00000cas a2200000 a 4500</leader><controlfield tag="001">2263513</controlfield><controlfield tag="008">760620d1832184ukyuwr ne      0    0eng c</controlfield><datafield ind1=" " ind2=" " tag="010"><subfield code="a">sn 84038211 </subfield></datafield><datafield ind1=" " ind2=" " tag="040"><subfield code="a">PIT</subfield><subfield code="b">eng</subfield><subfield code="c">PIT</subfield><subfield code="d">NPX</subfield><subfield code="d">KNP</subfield><subfield code="d">DLC</subfield><subfield code="d">OCL</subfield><subfield code="d">KNP</subfield><subfield code="d">DLC</subfield><subfield code="d">NPI</subfield><subfield code="d">DLC</subfield><subfield code="d">NPI</subfield><subfield code="d">KNP</subfield><subfield code="d">NPH</subfield><subfield code="d">YOX</subfield><subfield code="d">KNP</subfield><subfield code="d">CVF</subfield><subfield code="d">OCL</subfield><subfield code="d">NVF</subfield><subfield code="d">OCLCQ</subfield><subfield code="d">OCLCF</subfield><subfield code="d">OCLCO</subfield></datafield><datafield ind1=" " ind2=" " tag="012"><subfield code="b">3</subfield></datafield><datafield ind1=" " ind2=" " tag="019"><subfield code="a">8799704</subfield></datafield><datafield ind1="1" ind2=" " tag="029"><subfield code="a">AU@</subfield><subfield code="b">000020122560</subfield></datafield><datafield ind1=" " ind2=" " tag="042"><subfield code="a">pcc</subfield></datafield><datafield ind1=" " ind2=" " tag="043"><subfield code="a">n-us-ky</subfield></datafield><datafield ind1="0" ind2="0" tag="050"><subfield code="a">Newspaper 7885-X</subfield></datafield><datafield ind1="0" ind2="0" tag="245"><subfield code="a">Lexington observer, and Kentucky reporter.</subfield></datafield><datafield ind1="1" ind2=" " tag="246"><subfield code="i">Published Feb. 13, 1833-&lt;1835&gt; as:</subfield><subfield code="a">Lexington observer &amp; Kentucky reporter</subfield></datafield><datafield ind1=" " ind2=" " tag="260"><subfield code="a">Lexington, Ky. :</subfield><subfield code="b">N.L. Finnell &amp; Co.,</subfield><subfield code="c">1832-</subfield></datafield><datafield ind1=" " ind2=" " tag="300"><subfield code="a">v.</subfield></datafield><datafield ind1=" " ind2=" " tag="310"><subfield code="a">Weekly</subfield></datafield><datafield ind1="0" ind2=" " tag="362"><subfield code="a">Vol. 1, no. 49 (Apr. 13, 1832)- = v. 25, no. 15-</subfield></datafield><datafield ind1=" " ind2=" " tag="500"><subfield code="a">Publishers: N.L. Finnell, 1833-&lt;1835&gt;; Finnell &amp; Zimmerman, &lt;1837&gt;; D.C. Wickliffe, 1838-1840.</subfield></datafield><datafield ind1=" " ind2=" " tag="500"><subfield code="a">"Republican."</subfield></datafield><datafield ind1=" " ind2=" " tag="500"><subfield code="a">Editors: Edwin Bryant, 1832-1833; N.L. Finnell, 1832-&lt;1835&gt;; Robert Nelson Wickliffe, Jr., 1833; Daniel Carmichael Wickliffe, 1833-1840.</subfield></datafield><datafield ind1=" " ind2="0" tag="651"><subfield code="a">Lexington (Ky.)</subfield><subfield code="v">Newspapers.</subfield></datafield><datafield ind1=" " ind2="0" tag="651"><subfield code="a">Fayette County (Ky.)</subfield><subfield code="v">Newspapers.</subfield></datafield><datafield ind1=" " ind2="7" tag="655"><subfield code="a">Newspapers.</subfield><subfield code="2">fast</subfield><subfield code="0">(OCoLC)fst01423814</subfield></datafield><datafield ind1=" " ind2="7" tag="651"><subfield code="a">Kentucky</subfield><subfield code="z">Fayette County.</subfield><subfield code="2">fast</subfield><subfield code="0">(OCoLC)fst01206953</subfield></datafield><datafield ind1=" " ind2="7" tag="651"><subfield code="a">Kentucky</subfield><subfield code="z">Lexington.</subfield><subfield code="2">fast</subfield><subfield code="0">(OCoLC)fst01206432</subfield></datafield><datafield ind1=" " ind2=" " tag="752"><subfield code="a">United States</subfield><subfield code="b">Kentucky</subfield><subfield code="c">Fayette</subfield><subfield code="d">Lexington.</subfield></datafield><datafield ind1="0" ind2=" " tag="775"><subfield code="t">Observer &amp; reporter (Lexington, Ky. : 1832 : Semiweekly)</subfield><subfield code="w">(DLC)sn 82015843</subfield><subfield code="w">(OCoLC)8814707</subfield></datafield><datafield ind1="0" ind2=" " tag="775"><subfield code="t">Observer &amp; reporter (Lexington, Ky. : 1835 : Triweekly)</subfield><subfield code="w">(DLC)sn 98065041</subfield></datafield><datafield ind1="0" ind2=" " tag="775"><subfield code="t">Lexington daily observer &amp; reporter</subfield><subfield code="w">(DLC)sn 98065042</subfield></datafield><datafield ind1="0" ind2="4" tag="780"><subfield code="t">Lexington observer (Lexington, Ky. : 1831)</subfield><subfield code="w">(DLC)sn 82014801</subfield><subfield code="w">(OCoLC)8799754</subfield></datafield><datafield ind1="0" ind2="4" tag="780"><subfield code="t">Kentucky reporter (Lexington, Ky.)</subfield><subfield code="w">(DLC)sn 82014509</subfield><subfield code="w">(OCoLC)8782275</subfield></datafield><datafield ind1="0" ind2="0" tag="785"><subfield code="t">Lexington observer and reporter (Lexington, Ky. : Weekly)</subfield><subfield code="w">(DLC)sn 82014802</subfield><subfield code="w">(OCoLC)8799794</subfield></datafield></record>